@article{Ralston1962RungeKuttaMW,
    title={Runge-Kutta methods with minimum error bounds},
    author={Anthony Ralston},
    journal={Mathematics of Computation},
    year={1962},
    volume={16},
    pages={431-437},
    url={https://www.ams.org/journals/mcom/1962-16-080/S0025-5718-1962-0150954-0/S0025-5718-1962-0150954-0.pdf}
}

@misc{NotatkiKeller,
    title={Numerical Methods 2},
    author={Paweł Keller},
    year={2022},
    howpublished={Leon},
}

@online{WikipediaRKList,
    title={List of Runge–Kutta methods},
    author={Wikipedia},
    url={https://en.wikipedia.org/wiki/List_of_Runge-Kutta_methods},
}